@book{book:Aguirre2007,
  title     = {Introdução à identificação de sistemas: técnicas lineares e não-lineares aplicadas a sistemas reais},
  author    = {Luis Antonio Aguirre},
  year      = {2007},
  edition   = {3},
  address   = {Belo Horizonte, MG, Brasil},
  publisher = {Editora {UFMG}},
  isbn      = {978-85-7041-584-4}
}

@book{book:Soderstrom1989,
  title     = {System Identification},
  author    = {Torsten Söderström and Petre Stoica},
  year      = {1989},
  address   = {Hemel Hempstead, Reino Unido},
  publisher = {Prentice Hall},
  isbn      = {0-13-881236-5}
}

@book{book:Ljung1999,
  title     = {Sytem identification: theory for the user},
  author    = {Lennart Ljung},
  year      = {1999},
  edition   = {2},
  address   = {Upper Saddle River, NJ, Estados Unidos da América},
  publisher = {Prentice Hall PTR},
  isbn      = {0-13-656695-2}
}
