@ieeetranbstctl{IEEEBST:Brazilian,
  ctlname_url_prefix = "[Online]. Dispon√≠vel em:"
}
