@misc{misc:matlab-polynomial-models,
  year      = {2022},
  author    = {{The MathWorks, Inc.}},
  title     = {What Are Polynomial Models?},
  publisher = {{The MathWorks, Inc.}},
  address   = {Natick, MA, Estados Unidos da Am√©rica},
  url       = {https://www.mathworks.com/help/ident/ug/what-are-polynomial-models.html}
}

@phdthesis{phd:Andersen1997,
  title     = {Identification of Civil Engineering Structures using Vector ARMA Models},
  author    = {Palle Andersen},
  year      = {1997},
  publisher = {Department of Mechanical Engineering, Aalborg University},
}